<?xml version="1.0" encoding="UTF-8"?><collection xmlns="http://www.loc.gov/MARC21/slim"><record><leader>00439nam--2200145-i-4500</leader><controlfield tag="001">000042108</controlfield><controlfield tag="002">20161230</controlfield><controlfield tag="005">20161230201043</controlfield><controlfield tag="008">060222s1000------------r-----000-0-eng-d</controlfield><datafield ind1=" " ind2=" " tag="080"><subfield code="a">621.039.826(061.3)</subfield></datafield><datafield ind1=" " ind2=" " tag="100"><subfield code="a">Soileau,M.J</subfield></datafield><datafield ind1=" " ind2=" " tag="245"><subfield code="a">Ultrashort pulse sectroscopy and applications</subfield></datafield><datafield ind1=" " ind2=" " tag="260"><subfield code="a">Washington, The Int.Soc.Optical Engineering, 1985. Vi + 158 P</subfield></datafield><datafield ind1=" " ind2=" " tag="490"><subfield code="a">Proc.Of Spie-the Int.Soc.For Optical Engineering</subfield></datafield><datafield ind1=" " ind2=" " tag="852"><subfield code="a">72483</subfield></datafield></record></collection>